<?xml version="1.0" encoding="UTF-8"?>
<collection xmlns="http://www.loc.gov/MARC21/slim">
    <record>
        <leader>00880cam a2200229K  45 0</leader>
        <controlfield tag="001">a3</controlfield>
        <controlfield tag="008">870518s1946    bl            000 0 ger d</controlfield>
        <datafield tag="100" ind1="1" ind2=" ">
            <subfield code="a">Europäisch in Deutschland</subfield>
            <subfield code="b">Ränsch-Trill, Barbara.</subfield>
        </datafield>
        <datafield tag="245" ind1="1" ind2="3">
            <subfield code="a">umlaut diacritics, except not really: Europäisch Ränsch-Trill</subfield>
        </datafield>
    </record>