
    <record>
        <leader>01341nam a2200289 a 4500</leader>
        <controlfield tag="001">a2797607</controlfield>
        <controlfield tag="008">940412s1993    gw c     b    001 0 ger c</controlfield>
        <datafield tag="100" ind1="1" ind2=" ">
            <subfield code="a">Über die Fragwürdigkeit</subfield>
            <subfield code="b">edited by Veijo Murtomäki</subfield>
        </datafield>
        <datafield tag="245" ind1="1" ind2="0">
            <subfield code="a">german diacritics (umlaut): Über Fragwürdigkeit Murtomäki</subfield>
        </datafield>
    </record>