
    <record>
        <leader>01400nam a2200397 a 4500</leader>
        <controlfield tag="001">a3027805</controlfield>
        <controlfield tag="008">950630s1995    it            000 0 ita  </controlfield>
        <datafield tag="100" ind1="1" ind2=" ">
            <subfield code="a">"Questa intervista al Sen. Giulio Andreotti è stata</subfield>
            <subfield code="b">le verità di Giulio Andreotti /</subfield>
        </datafield>
        <datafield tag="245" ind1="1" ind2="0">
            <subfield code="a">italian diacrticis (grave):  è verità</subfield>
        </datafield>
    </record>