
    <record>
        <leader>00616cam a2200181 a 4500</leader>
        <controlfield tag="001">a2442876</controlfield>
        <controlfield tag="008">921105s1992    sz            000 1 fre  </controlfield>
        <datafield tag="100" ind1="1" ind2=" ">
            <subfield code="a">Les piétons téméraires /</subfield>
        </datafield>
        <datafield tag="245" ind1="1" ind2="4">
            <subfield code="a">french diacritics (acute): piétons téméraires /</subfield>
        </datafield>
    </record>