
    <record>
        <leader>01123cam a2200289Ia 4500</leader>
        <controlfield tag="001">a3400092</controlfield>
        <controlfield tag="008">970424s1996    fr       b    000 0 fre d</controlfield>
        <datafield tag="100" ind1="1" ind2=" ">
            <subfield code="a">on s'exile toujours avec ses ancêtres</subfield>
        </datafield>
        <datafield tag="245" ind1="1" ind2="2">
            <subfield code="a">french diacritics (circumflex): ancêtres</subfield>
        </datafield>
    </record>