
    <record>
        <leader>00805cam a2200265 i 4500</leader>
        <controlfield tag="001">a1391080</controlfield>
        <controlfield tag="008">790103s1978    sp cf         000 0 spa  </controlfield>
        <datafield tag="100" ind1="1" ind2=" ">
            <subfield code="a">Carandell, José María.</subfield>
            <subfield code="b">Gijón contemporánea</subfield>
            <subfield code="c">Jesús.</subfield>
        </datafield>
        <datafield tag="245" ind1="1" ind2="0">
            <subfield code="a">spanish diacritics (acute): José María Gijón Jesús contemporánea</subfield>
        </datafield>
    </record>