
    <record>
        <leader>00774cam a2200193Mi 45 0</leader>
        <controlfield tag="001">a6493823</controlfield>
        <controlfield tag="008">060502s2005    mx            000 0 spa d</controlfield>
        <datafield tag="100" ind1="1" ind2=" ">
            <subfield code="a">Mendoza Muñoz</subfield>
            <subfield code="b">España</subfield>
        </datafield>
        <datafield tag="245" ind1="1" ind2="3">
            <subfield code="a">spanish diacritics (tilde): Muñoz España</subfield>
        </datafield>
    </record>