
    <record>
        <leader>00880cam a2200229K  45 0</leader>
        <controlfield tag="001">a5</controlfield>
        <controlfield tag="008">870518s1946    bl            000 0 rus d</controlfield>
        <datafield tag="100" ind1="1" ind2=" ">
            <subfield code="a">Russkai͡a literatura tysi͡acha devi͡anostykh godov</subfield>
        </datafield>
        <datafield tag="245" ind1="1" ind2="3">
            <subfield code="a">ligature diacritics: Russkai͡a tysi͡acha devi͡anostykh</subfield>
        </datafield>
    </record>