
    <record>
        <leader>00880cam a2200229K  45 0</leader>
        <controlfield tag="001">a6</controlfield>
        <controlfield tag="008">870518s1946    bl            000 0 rus d</controlfield>
        <datafield tag="100" ind1="1" ind2=" ">
            <subfield code="a">Obʺedinenie "Krug khudozhnikov," </subfield>
        </datafield>
        <datafield tag="245" ind1="1" ind2="3">
            <subfield code="a">tverdyi znak (hard sign) diacritics: Obʺedinenie</subfield>
        </datafield>
    </record>