
    <record>
        <leader>00778nam a2200205Ma 4500</leader>
        <controlfield tag="001">a2099904</controlfield>
        <controlfield tag="008">850729s1918    ru            000 0 rusod</controlfield>
        <datafield tag="100" ind1="1" ind2=" ">
            <subfield code="a">Ocherk istorīi revoli͡ut͡sīonnago dvizhenīi͡a v Rossīi</subfield>
        </datafield>
        <datafield tag="245" ind1="1" ind2="0">
            <subfield code="a">russian diacritics istorīi revoli͡ut͡sīonnago dvizhenīi͡a v Rossīi</subfield>
        </datafield>
    </record>