
    <record>
        <leader>00947cam a2200265 a 4500</leader>
        <controlfield tag="001">a345228</controlfield>
        <controlfield tag="008">891204s1990    ru            000 0 rus  </controlfield>
        <datafield tag="100" ind1="1" ind2=" ">
            <subfield code="a">Kogda im bylo dvadt͡satʹ</subfield>
            <subfield code="b">dokumentalʹnai͡a povestʹ /</subfield>
        </datafield>
        <datafield tag="245" ind1="1" ind2="0">
            <subfield code="a">russian diacritics: dokumentalʹnai͡a povestʹ dvadt͡satʹ</subfield>
        </datafield>
    </record>