
    <record>
        <leader>00880cam a2200229K  45 0</leader>
        <controlfield tag="001">a9</controlfield>
        <controlfield tag="008">870518s1946    bl            000 0 ltv d</controlfield>
        <datafield tag="100" ind1="1" ind2=" ">
            <subfield code="a">Latvian aaŗ,aa</subfield>
            <subfield code="b">Latviesǔ-krievu vārdnīca. Pārstrādāts un papildināts</subfield>
            <subfield code="c">Sastādijis autoru kolektivs Rīgā</subfield>
        </datafield>
        <datafield tag="245" ind1="1" ind2="3">
            <subfield code="a">latvian diacritics (unknown, caron): aaŗ,aa Latviesǔ vārdnīca Pārstrādāts papildināts Sastādijis Rīgā</subfield>
        </datafield>
    </record>