
    <record>
        <leader>00880cam a2200229K  45 0</leader>
        <controlfield tag="001">a10</controlfield>
        <controlfield tag="008">870518s1946    bl            000 0 lth d</controlfield>
        <datafield tag="100" ind1="1" ind2=" ">
            <subfield code="a">lokalių būti pridėtos laiškus esančiomis iškviesti kelių baitų kodavimus į Unikodą</subfield>
            <subfield code="b">Įdedame</subfield>
        </datafield>
        <datafield tag="245" ind1="1" ind2="3">
            <subfield code="a">lithuanian diacritics (ogonek, overdot): lokalių pridėtos</subfield>
        </datafield>
    </record>