
    <record>
        <leader>00771cam a22002171a 4500</leader>
        <controlfield tag="001">a6676531</controlfield>
        <controlfield tag="008">060727s1982    ja a          000 0ajpn  </controlfield>
        <datafield tag="100" ind1="1" ind2=" ">
            <subfield code="b">gekai no kaisō</subfield>
            <subfield code="c">Harada Tōmin cho.</subfield>
        </datafield>
        <datafield tag="245" ind1="1" ind2="0">
            <subfield code="a">japanese diacritics (macron): kaisō Tōmin</subfield>
        </datafield>
    </record>