
    <record>
        <leader>00880cam a2200229K  45 0</leader>
        <controlfield tag="001">a13</controlfield>
        <controlfield tag="008">870518s1946    bl            000 0 eng d</controlfield>
        <datafield tag="100" ind1="1" ind2=" ">
            <subfield code="a">עברית</subfield>
        </datafield>
        <datafield tag="245" ind1="1" ind2="3">
            <subfield code="a">hebrew alphabet: עברית</subfield>
        </datafield>
    </record>
</collection>
